@Comment А вот так оформляется библиография при помощи BibTeX.

@inproceedings{mcdonald-pustejovsky-1985-computational,
    title = "A Computational Theory of Prose Style for Natural Language Generation",
    author = "McDonald, David D.  and
      Pustejovsky, James D.",
    booktitle = "Second Conference of the {E}uropean Chapter of the Association for Computational Linguistics",
    month = mar,
    year = "1985",
    address = "Geneva, Switzerland",
    publisher = "Association for Computational Linguistics",
    url = "https://aclanthology.org/E85-1027",
}

@article{gyafc,
  author       = {Sudha Rao and
                  Joel R. Tetreault},
  title        = {Dear Sir or Madam, May {I} introduce the {YAFC} Corpus: Corpus, Benchmarks
                  and Metrics for Formality Style Transfer},
  journal      = {CoRR},
  volume       = {abs/1803.06535},
  year         = {2018},
  url          = {http://arxiv.org/abs/1803.06535},
  eprinttype    = {arXiv},
  eprint       = {1803.06535},
  timestamp    = {Mon, 13 Aug 2018 16:47:36 +0200},
  biburl       = {https://dblp.org/rec/journals/corr/abs-1803-06535.bib},
  bibsource    = {dblp computer science bibliography, https://dblp.org}
}

@article{xformal,
  author       = {Eleftheria Briakou and
                  Di Lu and
                  Ke Zhang and
                  Joel R. Tetreault},
  title        = {{XFORMAL:} {A} Benchmark for Multilingual Formality Style Transfer},
  journal      = {CoRR},
  volume       = {abs/2104.04108},
  year         = {2021},
  url          = {https://arxiv.org/abs/2104.04108},
  eprinttype    = {arXiv},
  eprint       = {2104.04108},
  timestamp    = {Tue, 13 Apr 2021 16:46:17 +0200},
  biburl       = {https://dblp.org/rec/journals/corr/abs-2104-04108.bib},
  bibsource    = {dblp computer science bibliography, https://dblp.org}
}





@article{jin2021deep,
  author       = {Di Jin and
                  Zhijing Jin and
                  Zhiting Hu and
                  Olga Vechtomova and
                  Rada Mihalcea},
  title        = {Deep Learning for Text Style Transfer: {A} Survey},
  journal      = {CoRR},
  volume       = {abs/2011.00416},
  year         = {2020},
  url          = {https://arxiv.org/abs/2011.00416},
  eprinttype    = {arXiv},
  eprint       = {2011.00416},
  timestamp    = {Tue, 27 Apr 2021 16:14:25 +0200},
  biburl       = {https://dblp.org/rec/journals/corr/abs-2011-00416.bib},
  bibsource    = {dblp computer science bibliography, https://dblp.org}
}

@article{hu2023text,
  author       = {Zhiqiang Hu and
                  Roy Ka{-}Wei Lee and
                  Charu C. Aggarwal},
  title        = {Text Style Transfer: {A} Review and Experiment Evaluation},
  journal      = {CoRR},
  volume       = {abs/2010.12742},
  year         = {2020},
  url          = {https://arxiv.org/abs/2010.12742},
  eprinttype    = {arXiv},
  eprint       = {2010.12742},
  timestamp    = {Mon, 02 Nov 2020 18:17:09 +0100},
  biburl       = {https://dblp.org/rec/journals/corr/abs-2010-12742.bib},
  bibsource    = {dblp computer science bibliography, https://dblp.org}
}

@article{li2018delete,
  author       = {Juncen Li and
                  Robin Jia and
                  He He and
                  Percy Liang},
  title        = {Delete, Retrieve, Generate: {A} Simple Approach to Sentiment and Style
                  Transfer},
  journal      = {CoRR},
  volume       = {abs/1804.06437},
  year         = {2018},
  url          = {http://arxiv.org/abs/1804.06437},
  eprinttype    = {arXiv},
  eprint       = {1804.06437},
  timestamp    = {Tue, 09 Feb 2021 15:29:35 +0100},
  biburl       = {https://dblp.org/rec/journals/corr/abs-1804-06437.bib},
  bibsource    = {dblp computer science bibliography, https://dblp.org}
}

@article{fu2017style,
  author       = {Zhenxin Fu and
                  Xiaoye Tan and
                  Nanyun Peng and
                  Dongyan Zhao and
                  Rui Yan},
  title        = {Style Transfer in Text: Exploration and Evaluation},
  journal      = {CoRR},
  volume       = {abs/1711.06861},
  year         = {2017},
  url          = {http://arxiv.org/abs/1711.06861},
  eprinttype    = {arXiv},
  eprint       = {1711.06861},
  timestamp    = {Sat, 31 Aug 2019 16:23:04 +0200},
  biburl       = {https://dblp.org/rec/journals/corr/abs-1711-06861.bib},
  bibsource    = {dblp computer science bibliography, https://dblp.org}
}

@article{zhang2020bertscore,
  author       = {Tianyi Zhang and
                  Varsha Kishore and
                  Felix Wu and
                  Kilian Q. Weinberger and
                  Yoav Artzi},
  title        = {BERTScore: Evaluating Text Generation with {BERT}},
  journal      = {CoRR},
  volume       = {abs/1904.09675},
  year         = {2019},
  url          = {http://arxiv.org/abs/1904.09675},
  eprinttype    = {arXiv},
  eprint       = {1904.09675},
  timestamp    = {Wed, 03 Jun 2020 10:08:39 +0200},
  biburl       = {https://dblp.org/rec/journals/corr/abs-1904-09675.bib},
  bibsource    = {dblp computer science bibliography, https://dblp.org}
}

@article{mir2019evaluating,
  author       = {Remi Mir and
                  Bjarke Felbo and
                  Nick Obradovich and
                  Iyad Rahwan},
  title        = {Evaluating Style Transfer for Text},
  journal      = {CoRR},
  volume       = {abs/1904.02295},
  year         = {2019},
  url          = {http://arxiv.org/abs/1904.02295},
  eprinttype    = {arXiv},
  eprint       = {1904.02295},
  timestamp    = {Wed, 24 Apr 2019 12:21:25 +0200},
  biburl       = {https://dblp.org/rec/journals/corr/abs-1904-02295.bib},
  bibsource    = {dblp computer science bibliography, https://dblp.org}
}

@article{briakou2021evaluating,
  author       = {Eleftheria Briakou and
                  Sweta Agrawal and
                  Joel R. Tetreault and
                  Marine Carpuat},
  title        = {Evaluating the Evaluation Metrics for Style Transfer: {A} Case Study
                  in Multilingual Formality Transfer},
  journal      = {CoRR},
  volume       = {abs/2110.10668},
  year         = {2021},
  url          = {https://arxiv.org/abs/2110.10668},
  eprinttype    = {arXiv},
  eprint       = {2110.10668},
  timestamp    = {Thu, 28 Oct 2021 15:25:31 +0200},
  biburl       = {https://dblp.org/rec/journals/corr/abs-2110-10668.bib},
  bibsource    = {dblp computer science bibliography, https://dblp.org}
}

@article{yang2019unsupervised,
  author       = {Zichao Yang and
                  Zhiting Hu and
                  Chris Dyer and
                  Eric P. Xing and
                  Taylor Berg{-}Kirkpatrick},
  title        = {Unsupervised Text Style Transfer using Language Models as Discriminators},
  journal      = {CoRR},
  volume       = {abs/1805.11749},
  year         = {2018},
  url          = {http://arxiv.org/abs/1805.11749},
  eprinttype    = {arXiv},
  eprint       = {1805.11749},
  timestamp    = {Mon, 13 Aug 2018 16:46:33 +0200},
  biburl       = {https://dblp.org/rec/journals/corr/abs-1805-11749.bib},
  bibsource    = {dblp computer science bibliography, https://dblp.org}
}

@article{pang2019unsupervised,
  author       = {Richard Yuanzhe Pang and
                  Kevin Gimpel},
  title        = {Learning Criteria and Evaluation Metrics for Textual Transfer between
                  Non-Parallel Corpora},
  journal      = {CoRR},
  volume       = {abs/1810.11878},
  year         = {2018},
  url          = {http://arxiv.org/abs/1810.11878},
  eprinttype    = {arXiv},
  eprint       = {1810.11878},
  timestamp    = {Wed, 11 Jan 2023 13:18:18 +0100},
  biburl       = {https://dblp.org/rec/journals/corr/abs-1810-11878.bib},
  bibsource    = {dblp computer science bibliography, https://dblp.org}
}

@inproceedings{belz-etal-2020-reprogen,
    title = "{R}epro{G}en: Proposal for a Shared Task on Reproducibility of Human Evaluations in {NLG}",
    author = "Belz, Anya  and
      Agarwal, Shubham  and
      Shimorina, Anastasia  and
      Reiter, Ehud",
    booktitle = "Proceedings of the 13th International Conference on Natural Language Generation",
    month = dec,
    year = "2020",
    address = "Dublin, Ireland",
    publisher = "Association for Computational Linguistics",
    url = "https://aclanthology.org/2020.inlg-1.29",
    pages = "232--236",
}

@article{jin2020imat,
  author       = {Zhijing Jin and
                  Di Jin and
                  Jonas Mueller and
                  Nicholas Matthews and
                  Enrico Santus},
  title        = {Unsupervised Text Style Transfer via Iterative Matching and Translation},
  journal      = {CoRR},
  volume       = {abs/1901.11333},
  year         = {2019},
  url          = {http://arxiv.org/abs/1901.11333},
  eprinttype    = {arXiv},
  eprint       = {1901.11333},
  timestamp    = {Wed, 19 Apr 2023 17:00:25 +0200},
  biburl       = {https://dblp.org/rec/journals/corr/abs-1901-11333.bib},
  bibsource    = {dblp computer science bibliography, https://dblp.org}
}

@inproceedings{hoang-etal-2018-iterative,
    title = "Iterative Back-Translation for Neural Machine Translation",
    author = "Hoang, Vu Cong Duy  and
      Koehn, Philipp  and
      Haffari, Gholamreza  and
      Cohn, Trevor",
    booktitle = "Proceedings of the 2nd Workshop on Neural Machine Translation and Generation",
    month = jul,
    year = "2018",
    address = "Melbourne, Australia",
    publisher = "Association for Computational Linguistics",
    url = "https://aclanthology.org/W18-2703",
    doi = "10.18653/v1/W18-2703",
    pages = "18--24",
}


@article{hu2018controlled,
  author       = {Zhiting Hu and
                  Zichao Yang and
                  Xiaodan Liang and
                  Ruslan Salakhutdinov and
                  Eric P. Xing},
  title        = {Controllable Text Generation},
  journal      = {CoRR},
  volume       = {abs/1703.00955},
  year         = {2017},
  url          = {http://arxiv.org/abs/1703.00955},
  eprinttype    = {arXiv},
  eprint       = {1703.00955},
  timestamp    = {Mon, 13 Aug 2018 16:46:31 +0200},
  biburl       = {https://dblp.org/rec/journals/corr/HuYLSX17.bib},
  bibsource    = {dblp computer science bibliography, https://dblp.org}
}

@misc{kingma2022autoencoding,
      title={Auto-Encoding Variational Bayes}, 
      author={Diederik P Kingma and Max Welling},
      year={2022},
      eprint={1312.6114},
      archivePrefix={arXiv},
      primaryClass={stat.ML}
}

@article{Williams1992SimpleSG,
  title={Simple statistical gradient-following algorithms for connectionist reinforcement learning},
  author={Ronald J. Williams},
  journal={Machine Learning},
  year={1992},
  volume={8},
  pages={229-256}
}

@InProceedings{mueller_seq2betterseq,
  title = 	 {Sequence to Better Sequence: Continuous Revision of Combinatorial Structures},
  author =       {Jonas Mueller and David Gifford and Tommi Jaakkola},
  booktitle = 	 {Proceedings of the 34th International Conference on Machine Learning},
  pages = 	 {2536--2544},
  year = 	 {2017},
  editor = 	 {Precup, Doina and Teh, Yee Whye},
  volume = 	 {70},
  series = 	 {Proceedings of Machine Learning Research},
  month = 	 {06--11 Aug},
  publisher =    {PMLR},
  pdf = 	 {http://proceedings.mlr.press/v70/mueller17a/mueller17a.pdf},
  url = 	 {https://proceedings.mlr.press/v70/mueller17a.html},
}

@article{luo2019dual,
  author       = {Fuli Luo and
                  Peng Li and
                  Jie Zhou and
                  Pengcheng Yang and
                  Baobao Chang and
                  Zhifang Sui and
                  Xu Sun},
  title        = {A Dual Reinforcement Learning Framework for Unsupervised Text Style
                  Transfer},
  journal      = {CoRR},
  volume       = {abs/1905.10060},
  year         = {2019},
  url          = {http://arxiv.org/abs/1905.10060},
  eprinttype    = {arXiv},
  eprint       = {1905.10060},
  timestamp    = {Wed, 22 Jan 2020 14:30:11 +0100},
  biburl       = {https://dblp.org/rec/journals/corr/abs-1905-10060.bib},
  bibsource    = {dblp computer science bibliography, https://dblp.org}
}

@inproceedings{dementieva2021crowdsourcing,
    title = "Crowdsourcing of Parallel Corpora: the Case of Style Transfer for Detoxification",
    author = {Dementieva, Daryna
                 and Ustyantsev, Sergey
                 and Dale, David 
                 and Kozlova, Olga
                 and Semenov, Nikita
                 and Panchenko, Alexander
                 and Logacheva, Varvara},
    booktitle = "Proceedings of the 2nd Crowd Science Workshop: Trust, Ethics, and Excellence in Crowdsourced Data Management at Scale co-located with 47th International Conference on Very Large Data Bases (VLDB 2021 (https://vldb.org/2021/))",
    year = "2021",
    address = "Copenhagen, Denmark",
    publisher = "CEUR Workshop Proceedings",
    pages = "35--49",
    url={http://ceur-ws.org/Vol-2932/paper2.pdf}
}

@article{sharov_corpora,
    author = {Sharov, S},
    year = {2016},
    month = {07},
    pages = {65-95},
    title = {Functional text dimensions for annotation of web corpora},
    journal = {Corpora},
    url={https://eprints.whiterose.ac.uk/102914/1/2018-ftd.pdf}
}

@article{huggingface_transformers,
  author       = {Thomas Wolf and
                  Lysandre Debut and
                  Victor Sanh and
                  Julien Chaumond and
                  Clement Delangue and
                  Anthony Moi and
                  Pierric Cistac and
                  Tim Rault and
                  R{\'{e}}mi Louf and
                  Morgan Funtowicz and
                  Jamie Brew},
  title        = {HuggingFace's Transformers: State-of-the-art Natural Language Processing},
  journal      = {CoRR},
  volume       = {abs/1910.03771},
  year         = {2019},
  url          = {http://arxiv.org/abs/1910.03771},
  eprinttype    = {arXiv},
  eprint       = {1910.03771},
  timestamp    = {Tue, 02 Jun 2020 12:49:01 +0200},
  biburl       = {https://dblp.org/rec/journals/corr/abs-1910-03771.bib},
  bibsource    = {dblp computer science bibliography, https://dblp.org}
}

@article{pytorch_lib,
  author       = {Adam Paszke and
                  Sam Gross and
                  Francisco Massa and
                  Adam Lerer and
                  James Bradbury and
                  Gregory Chanan and
                  Trevor Killeen and
                  Zeming Lin and
                  Natalia Gimelshein and
                  Luca Antiga and
                  Alban Desmaison and
                  Andreas K{\"{o}}pf and
                  Edward Z. Yang and
                  Zach DeVito and
                  Martin Raison and
                  Alykhan Tejani and
                  Sasank Chilamkurthy and
                  Benoit Steiner and
                  Lu Fang and
                  Junjie Bai and
                  Soumith Chintala},
  title        = {PyTorch: An Imperative Style, High-Performance Deep Learning Library},
  journal      = {CoRR},
  volume       = {abs/1912.01703},
  year         = {2019},
  url          = {http://arxiv.org/abs/1912.01703},
  eprinttype    = {arXiv},
  eprint       = {1912.01703},
  timestamp    = {Tue, 02 Nov 2021 15:18:32 +0100},
  biburl       = {https://dblp.org/rec/journals/corr/abs-1912-01703.bib},
  bibsource    = {dblp computer science bibliography, https://dblp.org}
}

@article{mikolov2013distributed,
  author       = {Tom{\'{a}}s Mikolov and
                  Ilya Sutskever and
                  Kai Chen and
                  Greg Corrado and
                  Jeffrey Dean},
  title        = {Distributed Representations of Words and Phrases and their Compositionality},
  journal      = {CoRR},
  volume       = {abs/1310.4546},
  year         = {2013},
  url          = {http://arxiv.org/abs/1310.4546},
  eprinttype    = {arXiv},
  eprint       = {1310.4546},
  timestamp    = {Mon, 28 Dec 2020 11:31:02 +0100},
  biburl       = {https://dblp.org/rec/journals/corr/MikolovSCCD13.bib},
  bibsource    = {dblp computer science bibliography, https://dblp.org}
}

@article{bpe_tokens_article,
  author       = {Rico Sennrich and
                  Barry Haddow and
                  Alexandra Birch},
  title        = {Neural Machine Translation of Rare Words with Subword Units},
  journal      = {CoRR},
  volume       = {abs/1508.07909},
  year         = {2015},
  url          = {http://arxiv.org/abs/1508.07909},
  eprinttype    = {arXiv},
  eprint       = {1508.07909},
  timestamp    = {Mon, 13 Aug 2018 16:47:17 +0200},
  biburl       = {https://dblp.org/rec/journals/corr/SennrichHB15.bib},
  bibsource    = {dblp computer science bibliography, https://dblp.org}
}

@article{sennrich2016improving,
  author       = {Rico Sennrich and
                  Barry Haddow and
                  Alexandra Birch},
  title        = {Improving Neural Machine Translation Models with Monolingual Data},
  journal      = {CoRR},
  volume       = {abs/1511.06709},
  year         = {2015},
  url          = {http://arxiv.org/abs/1511.06709},
  eprinttype    = {arXiv},
  eprint       = {1511.06709},
  timestamp    = {Mon, 13 Aug 2018 16:47:05 +0200},
  biburl       = {https://dblp.org/rec/journals/corr/SennrichHB15a.bib},
  bibsource    = {dblp computer science bibliography, https://dblp.org}
}

@article{attention_is_all_you_need,
  author       = {Ashish Vaswani and
                  Noam Shazeer and
                  Niki Parmar and
                  Jakob Uszkoreit and
                  Llion Jones and
                  Aidan N. Gomez and
                  Lukasz Kaiser and
                  Illia Polosukhin},
  title        = {Attention Is All You Need},
  journal      = {CoRR},
  volume       = {abs/1706.03762},
  year         = {2017},
  url          = {http://arxiv.org/abs/1706.03762},
  eprinttype    = {arXiv},
  eprint       = {1706.03762},
  timestamp    = {Sat, 23 Jan 2021 01:20:40 +0100},
  biburl       = {https://dblp.org/rec/journals/corr/VaswaniSPUJGKP17.bib},
  bibsource    = {dblp computer science bibliography, https://dblp.org}
}

@article{hill2016learning,
  author       = {Felix Hill and
                  Kyunghyun Cho and
                  Anna Korhonen},
  title        = {Learning Distributed Representations of Sentences from Unlabelled
                  Data},
  journal      = {CoRR},
  volume       = {abs/1602.03483},
  year         = {2016},
  url          = {http://arxiv.org/abs/1602.03483},
  eprinttype    = {arXiv},
  eprint       = {1602.03483},
  timestamp    = {Mon, 13 Aug 2018 16:47:44 +0200},
  biburl       = {https://dblp.org/rec/journals/corr/HillCK16.bib},
  bibsource    = {dblp computer science bibliography, https://dblp.org}
}

@inproceedings{dae_article,
    author = {Vincent, Pascal and Larochelle, Hugo and Bengio, Y. and Manzagol, Pierre-Antoine},
    year = {2008},
    month = {01},
    pages = {1096-1103},
    title = {Extracting and composing robust features with denoising autoencoders},
    journal = {Proceedings of the 25th International Conference on Machine Learning},
    doi = {10.1145/1390156.1390294}
}


@article{lample2018unsupervised,
  author       = {Guillaume Lample and
                  Ludovic Denoyer and
                  Marc'Aurelio Ranzato},
  title        = {Unsupervised Machine Translation Using Monolingual Corpora Only},
  journal      = {CoRR},
  volume       = {abs/1711.00043},
  year         = {2017},
  url          = {http://arxiv.org/abs/1711.00043},
  eprinttype    = {arXiv},
  eprint       = {1711.00043},
  timestamp    = {Mon, 13 Aug 2018 16:48:41 +0200},
  biburl       = {https://dblp.org/rec/journals/corr/abs-1711-00043.bib},
  bibsource    = {dblp computer science bibliography, https://dblp.org}
}

@article{lample2018phrasebased,
  author       = {Guillaume Lample and
                  Myle Ott and
                  Alexis Conneau and
                  Ludovic Denoyer and
                  Marc'Aurelio Ranzato},
  title        = {Phrase-Based {\&} Neural Unsupervised Machine Translation},
  journal      = {CoRR},
  volume       = {abs/1804.07755},
  year         = {2018},
  url          = {http://arxiv.org/abs/1804.07755},
  eprinttype    = {arXiv},
  eprint       = {1804.07755},
  timestamp    = {Mon, 13 Aug 2018 16:48:35 +0200},
  biburl       = {https://dblp.org/rec/journals/corr/abs-1804-07755.bib},
  bibsource    = {dblp computer science bibliography, https://dblp.org}
}

@article{subramanian2019multipleattribute,
  author       = {Sandeep Subramanian and
                  Guillaume Lample and
                  Eric Michael Smith and
                  Ludovic Denoyer and
                  Marc'Aurelio Ranzato and
                  Y{-}Lan Boureau},
  title        = {Multiple-Attribute Text Style Transfer},
  journal      = {CoRR},
  volume       = {abs/1811.00552},
  year         = {2018},
  url          = {http://arxiv.org/abs/1811.00552},
  eprinttype    = {arXiv},
  eprint       = {1811.00552},
  timestamp    = {Thu, 22 Nov 2018 17:58:30 +0100},
  biburl       = {https://dblp.org/rec/journals/corr/abs-1811-00552.bib},
  bibsource    = {dblp computer science bibliography, https://dblp.org}
}

@article{conneau2018word,
  author       = {Alexis Conneau and
                  Guillaume Lample and
                  Marc'Aurelio Ranzato and
                  Ludovic Denoyer and
                  Herv{\'{e}} J{\'{e}}gou},
  title        = {Word Translation Without Parallel Data},
  journal      = {CoRR},
  volume       = {abs/1710.04087},
  year         = {2017},
  url          = {http://arxiv.org/abs/1710.04087},
  eprinttype    = {arXiv},
  eprint       = {1710.04087},
  timestamp    = {Mon, 13 Aug 2018 16:48:22 +0200},
  biburl       = {https://dblp.org/rec/journals/corr/abs-1710-04087.bib},
  bibsource    = {dblp computer science bibliography, https://dblp.org}
}

@misc{openai2023gpt4,
      title={GPT-4 Technical Report}, 
      author={OpenAI},
      year={2023},
      eprint={2303.08774},
      archivePrefix={arXiv},
      primaryClass={cs.CL}
}

@article{bleu,
    author = {Papineni, Kishore and Roukos, Salim and Ward, Todd and Zhu, Wei Jing},
    year = {2002},
    month = {10},
    pages = {},
    title = {BLEU: a Method for Automatic Evaluation of Machine Translation},
    doi = {10.3115/1073083.1073135}
}

@inproceedings{sacrebleu,
    title = "A Call for Clarity in Reporting {BLEU} Scores",
    author = "Post, Matt",
    booktitle = "Proceedings of the Third Conference on Machine Translation: Research Papers",
    month = oct,
    year = "2018",
    address = "Belgium, Brussels",
    publisher = "Association for Computational Linguistics",
    url = "https://www.aclweb.org/anthology/W18-6319",
    pages = "186--191",
}

@article{meteor,
    author = {Lavie, Alon and Agarwal, Abhaya},
    year = {2007},
    month = {07},
    pages = {228-231},
    title = {METEOR: An automatic metric for MT evaluation with high levels of correlation with human judgments}
}


@inproceedings{lin-2004-rouge,
    title = "{ROUGE}: A Package for Automatic Evaluation of Summaries",
    author = "Lin, Chin-Yew",
    booktitle = "Text Summarization Branches Out",
    month = jul,
    year = "2004",
    address = "Barcelona, Spain",
    publisher = "Association for Computational Linguistics",
    url = "https://aclanthology.org/W04-1013",
    pages = "74--81",
}

@misc{shen2022evaluation,
      title={On the Evaluation Metrics for Paraphrase Generation}, 
      author={Lingfeng Shen and Lemao Liu and Haiyun Jiang and Shuming Shi},
      year={2022},
      eprint={2202.08479},
      archivePrefix={arXiv},
      primaryClass={cs.CL}
}

@article{krause2020gedi,
  author       = {Ben Krause and
                  Akhilesh Deepak Gotmare and
                  Bryan McCann and
                  Nitish Shirish Keskar and
                  Shafiq R. Joty and
                  Richard Socher and
                  Nazneen Fatema Rajani},
  title        = {GeDi: Generative Discriminator Guided Sequence Generation},
  journal      = {CoRR},
  volume       = {abs/2009.06367},
  year         = {2020},
  url          = {https://arxiv.org/abs/2009.06367},
  eprinttype    = {arXiv},
  eprint       = {2009.06367},
  timestamp    = {Fri, 18 Sep 2020 15:17:35 +0200},
  biburl       = {https://dblp.org/rec/journals/corr/abs-2009-06367.bib},
  bibsource    = {dblp computer science bibliography, https://dblp.org}
}

@article{dale2021text,
  author       = {David Dale and
                  Anton Voronov and
                  Daryna Dementieva and
                  Varvara Logacheva and
                  Olga Kozlova and
                  Nikita Semenov and
                  Alexander Panchenko},
  title        = {Text Detoxification using Large Pre-trained Neural Models},
  journal      = {CoRR},
  volume       = {abs/2109.08914},
  year         = {2021},
  url          = {https://arxiv.org/abs/2109.08914},
  eprinttype    = {arXiv},
  eprint       = {2109.08914},
  timestamp    = {Mon, 27 Sep 2021 15:21:05 +0200},
  biburl       = {https://dblp.org/rec/journals/corr/abs-2109-08914.bib},
  bibsource    = {dblp computer science bibliography, https://dblp.org}
}




@article{lora,
  author       = {Edward J. Hu and
                  Yelong Shen and
                  Phillip Wallis and
                  Zeyuan Allen{-}Zhu and
                  Yuanzhi Li and
                  Shean Wang and
                  Weizhu Chen},
  title        = {LoRA: Low-Rank Adaptation of Large Language Models},
  journal      = {CoRR},
  volume       = {abs/2106.09685},
  year         = {2021},
  url          = {https://arxiv.org/abs/2106.09685},
  eprinttype    = {arXiv},
  eprint       = {2106.09685},
  timestamp    = {Tue, 29 Jun 2021 16:55:04 +0200},
  biburl       = {https://dblp.org/rec/journals/corr/abs-2106-09685.bib},
  bibsource    = {dblp computer science bibliography, https://dblp.org}
}

@article{aghajanyan2020intrinsic,
  author       = {Armen Aghajanyan and
                  Luke Zettlemoyer and
                  Sonal Gupta},
  title        = {Intrinsic Dimensionality Explains the Effectiveness of Language Model
                  Fine-Tuning},
  journal      = {CoRR},
  volume       = {abs/2012.13255},
  year         = {2020},
  url          = {https://arxiv.org/abs/2012.13255},
  eprinttype    = {arXiv},
  eprint       = {2012.13255},
  timestamp    = {Tue, 05 Jan 2021 16:02:31 +0100},
  biburl       = {https://dblp.org/rec/journals/corr/abs-2012-13255.bib},
  bibsource    = {dblp computer science bibliography, https://dblp.org}
}


@article{gpt_understands_too,
  author       = {Xiao Liu and
                  Yanan Zheng and
                  Zhengxiao Du and
                  Ming Ding and
                  Yujie Qian and
                  Zhilin Yang and
                  Jie Tang},
  title        = {{GPT} Understands, Too},
  journal      = {CoRR},
  volume       = {abs/2103.10385},
  year         = {2021},
  url          = {https://arxiv.org/abs/2103.10385},
  eprinttype    = {arXiv},
  eprint       = {2103.10385},
  timestamp    = {Wed, 15 Mar 2023 20:26:55 +0100},
  biburl       = {https://dblp.org/rec/journals/corr/abs-2103-10385.bib},
  bibsource    = {dblp computer science bibliography, https://dblp.org}
}

@inproceedings{gpt2,
  title={Language Models are Unsupervised Multitask Learners},
  author={Alec Radford and Jeff Wu and Rewon Child and David Luan and Dario Amodei and Ilya Sutskever},
  year={2019}
}

@article{gpt3,
  author       = {Tom B. Brown and
                  Benjamin Mann and
                  Nick Ryder and
                  Melanie Subbiah and
                  Jared Kaplan and
                  Prafulla Dhariwal and
                  Arvind Neelakantan and
                  Pranav Shyam and
                  Girish Sastry and
                  Amanda Askell and
                  Sandhini Agarwal and
                  Ariel Herbert{-}Voss and
                  Gretchen Krueger and
                  Tom Henighan and
                  Rewon Child and
                  Aditya Ramesh and
                  Daniel M. Ziegler and
                  Jeffrey Wu and
                  Clemens Winter and
                  Christopher Hesse and
                  Mark Chen and
                  Eric Sigler and
                  Mateusz Litwin and
                  Scott Gray and
                  Benjamin Chess and
                  Jack Clark and
                  Christopher Berner and
                  Sam McCandlish and
                  Alec Radford and
                  Ilya Sutskever and
                  Dario Amodei},
  title        = {Language Models are Few-Shot Learners},
  journal      = {CoRR},
  volume       = {abs/2005.14165},
  year         = {2020},
  url          = {https://arxiv.org/abs/2005.14165},
  eprinttype    = {arXiv},
  eprint       = {2005.14165},
  timestamp    = {Thu, 25 May 2023 10:38:31 +0200},
  biburl       = {https://dblp.org/rec/journals/corr/abs-2005-14165.bib},
  bibsource    = {dblp computer science bibliography, https://dblp.org}
}




